@book{Sauer2019,
  title = {{Moderne Datenanalyse mit R: Daten einlesen, aufbereiten, visualisieren, modellieren und kommunizieren}},
  shorttitle = {{Moderne Datenanalyse mit R}},
  author = {Sauer, Sebastian},
  year = {2019},
  publisher = {{Springer Fachmedien Wiesbaden}},
  address = {{Wiesbaden}},
  doi = {10.1007/978-3-658-21587-3},
  file = {/media/Daten/Chrissies Dateien/Literatur/Buecher/Moderne Datenanalyse mit R.pdf},
  isbn = {978-3-658-21586-6 978-3-658-21587-3},
  language = {de},
  series = {{FOM-Edition}}
}


@article{Ihaka1996,
  title = {R: {{A Language}} for {{Data Analysis}} and {{Graphics}}},
  shorttitle = {R},
  author = {Ihaka, Ross and Gentleman, Robert},
  year = {1996},
  month = sep,
  volume = {5},
  pages = {299--314},
  publisher = {{Taylor \& Francis}},
  issn = {1061-8600},
  doi = {10.1080/10618600.1996.10474713},
  abstract = {In this article we discuss our experience designing and implementing a statistical computing language. In developing this new language, we sought to combine what we felt were useful features from two existing computer languages. We feel that the new language provides advantages in the areas of portability, computational efficiency, memory management, and scoping.},
  file = {/media/Daten/Chrissies Dateien/Literatur/R/Ihaka1996.pdf},
  journal = {Journal of Computational and Graphical Statistics},
  number = {3}
}

@book{Ligges2008,
  title = {{Programmieren mit R}},
  author = {Ligges, Uwe},
  year = {2008},
  publisher = {{Springer Berlin Heidelberg}},
  address = {{Berlin, Heidelberg}},
  doi = {10.1007/978-3-540-79998-6},
  file = {/media/Daten/Chrissies Dateien/Literatur/Buecher/Programmieren mit R.pdf},
  isbn = {978-3-540-79997-9 978-3-540-79998-6},
  language = {de}
}



@book{Zuur2009a,
  title = {A Beginner's Guide to {{R}}},
  author = {Zuur, A. F. and Ieno, E. and Meesters, E.},
  year = {2009},
  publisher = {{Springer}},
  file = {/media/Daten/Chrissies Dateien/Literatur/Buecher/A BeginnerS Guide To R.pdf},
  owner = {Chris},
  timestamp = {2011.04.28}
}


@Book{Xie2016,
    title = {bookdown: Authoring Books and Technical Documents with {R} Markdown},
    author = {Yihui Xie},
    publisher = {Chapman and Hall/CRC},
    address = {Boca Raton, Florida},
    year = {2016},
    note = {ISBN 978-1138700109},
    url = {https://github.com/rstudio/bookdown},
  }


@book{RMarkdownGuide,
  title = {R {{Markdown}}: {{The Definitive Guide}}},
  shorttitle = {R {{Markdown}}},
  author = {Xie, Yihui and Allaire, J. J. and Grolemund, Garrett},
  year = {2021},
  abstract = {The first official book authored by the core R Markdown developers that provides a comprehensive and accurate reference to the R Markdown ecosystem. With R Markdown, you can easily create reproducible data analysis reports, presentations, dashboards, interactive applications, books, dissertations, websites, and journal articles, while enjoying the simplicity of Markdown and the great power of R and other languages.}
},
url = {https://bookdown.org/yihui/rmarkdown/}





@article{Knuth1984,
  title = {Literate {{Programming}}},
  author = {Knuth, D. E.},
  year = {1984},
  month = feb,
  volume = {27},
  pages = {97--111},
  issn = {0010-4620, 1460-2067},
  doi = {10.1093/comjnl/27.2.97},
  journal = {The Computer Journal},
  language = {en},
  number = {2}
}


@book{Murrell2006,
  title = {R Graphics},
  author = {Murrell, Paul},
  year = {2006},
  publisher = {{Chapman \& Hall/CRC}},
  address = {{Boca Raton, Fla.}},
  file = {/media/Daten/Chrissies Dateien/Literatur/Buecher/R Graphics.pdf},
  isbn = {978-1-58488-486-6},
  language = {en},
  note = {OCLC: 255097201},
  series = {Computer Science and Data Analysis Series}
}


@book{Wickham2020,
  title = {ggplot2: {{Elegant Graphics}} for {{Data Analysis}}},
  shorttitle = {ggplot2},
  author = {Wickham, Hadley},
  year = {2020},
  edition = {3rd, in progress},
  abstract = {Master ggplot2 and the rich grammar that underlies it.}
}



@book{Peng2019,
  title = {Report {{Writing}} for {{Data Science}} in {{R}}},
  author = {Peng, Roger D},
  year = {2019},
  file = {/media/Daten/Chrissies Dateien/Literatur/Buecher/Report Wiriting for Data Science in R.pdf},
  language = {en}
}




@book{r4ds,
  title = {R for {{Data Science}}},
  author = {Wickham, Hadley and Grolemund, Garrett},
  year = {2021},
  url = {https://r4ds.had.co.nz/}
}


@book{ModernDive,
  title = {{{ModernDive}}: {{Statistical Inference}} via {{Data Science}}},
  author = {Ismay, Chester and Kim, Albert Y.},
  year = {2021},
  abstract = {An open-source and fully-reproducible electronic textbook for teaching statistical inference using tidyverse data science tools.},
  url = {https://moderndive.com/}
}


@book{Diez2019,
  title = {{{OpenIntro Statistics}}},
  author = {Diez, David M and {{\c{C}}etinkaya-Rundel}, Mine and Barr, Christopher D},
  year = {2019},
  edition = {Fourth},
  file = {/media/Daten/Chrissies Dateien/Literatur/Buecher/OpenIntro Statistics.pdf}
}


@article{Hesterberg2015,
  title = {What {{Teachers Should Know About}} the {{Bootstrap}}: {{Resampling}} in the {{Undergraduate Statistics Curriculum}}},
  shorttitle = {What {{Teachers Should Know About}} the {{Bootstrap}}},
  author = {Hesterberg, Tim C.},
  year = {2015},
  month = oct,
  volume = {69},
  pages = {371--386},
  issn = {0003-1305, 1537-2731},
  doi = {10.1080/00031305.2015.1089789},
  file = {/media/Daten/Chrissies Dateien/Literatur/Statistics/Hesterberg2015.pdf},
  journal = {The American Statistician},
  language = {en},
  number = {4}
}

@article{Efron1979,
  title = {Bootstrap {{Methods}}: {{Another Look}} at the {{Jackknife}}},
  shorttitle = {Bootstrap {{Methods}}},
  author = {Efron, B.},
  year = {1979},
  month = jan,
  volume = {7},
  pages = {1--26},
  publisher = {{JSTOR}},
  issn = {0090-5364, 2168-8966},
  doi = {10.1214/aos/1176344552},
  journal = {The Annals of Statistics},
  number = {1}
}


@article{Wasserstein2019,
  title = {Moving to a {{World Beyond}} ``p {$<$} 0.05''},
  author = {Wasserstein, Ronald L. and Schirm, Allen L. and Lazar, Nicole A.},
  year = {2019},
  month = mar,
  volume = {73},
  pages = {1--19},
  publisher = {{Taylor \& Francis}},
  issn = {0003-1305},
  doi = {10.1080/00031305.2019.1583913},
  annotation = {\_eprint: https://doi.org/10.1080/00031305.2019.1583913},
  file = {/media/Daten/Chrissies Dateien/Literatur/Zotero/storage/D28BJDH4/Wasserstein et al. - 2019 - Moving to a World Beyond “p  0.05”.pdf},
  journal = {The American Statistician},
  number = {sup1}
}



@article{Anderson2019,
  title = {Assessing {{Statistical Results}}: {{Magnitude}}, {{Precision}}, and {{Model Uncertainty}}},
  shorttitle = {Assessing {{Statistical Results}}},
  author = {Anderson, Andrew A.},
  year = {2019},
  month = mar,
  volume = {73},
  pages = {118--121},
  publisher = {{Taylor \& Francis}},
  issn = {0003-1305},
  doi = {10.1080/00031305.2018.1537889},
  journal = {The American Statistician},
  keywords = {Inference,Robustness,Sampling error},
  number = {sup1}
}


@article{Rosen1974,
  title = {Influence of Sex Role Stereotypes on Personnel Decisions.},
  author = {Rosen, Benson and Jerdee, Thomas H.},
  year = {1974},
  volume = {59},
  pages = {9--14},
  issn = {0021-9010},
  doi = {10.1037/h0035834},
  file = {/media/Daten/Chrissies Dateien/Literatur/Statistics/Rosen1974.pdf},
  journal = {Journal of Applied Psychology},
  language = {en},
  number = {1}
}


@incollection{Sikkink2007,
  title = {Monitoring for Change: {{Using}} Generalised Least Squares, Non-Metric Multidimensional Scaling, and the {{Mantel}} Test on Western {{Montana}} Grasslands},
  shorttitle = {Monitoring for Change},
  booktitle = {Analysing {{Ecological Data}}},
  author = {Sikkink, P. G. and Zuur, A. F. and Ieno, E. N. and Smith, G. M.},
  editor = {Zuur, Alain F. and Ieno, Elena N. and Smith, Graham M.},
  year = {2007},
  pages = {463--484},
  publisher = {{Springer}},
  address = {{New York, NY}},
  doi = {10.1007/978-0-387-45972-1_26},
  isbn = {978-0-387-45972-1},
  keywords = {Explanatory Variable,Generalise Little Square,Linear Regression Model,Mantel Test,Variance Inflation Factor},
  language = {en},
  series = {Statistics for {{Biology}} and {{Health}}}
}

@book{Fahrmeir2009,
  ids = {Fahrmeir2009a},
  title = {Regression},
  author = {Fahrmeir, L. and Kneib, T. and Lang, S.},
  year = {2009},
  publisher = {{Springer}},
  url = {http://link.springer.com/book/10.1007/978-3-642-01837-4}
}





